<?xml version="1.0" encoding="UTF-8"?>
<record xmlns="http://www.loc.gov/MARC21/slim">
   <leader>02202cam a2200445 a 4500</leader>
   <controlfield tag="001">283793</controlfield>
   <controlfield tag="003">NjP</controlfield>
   <controlfield tag="005">20190705140039.0</controlfield>
   <controlfield tag="008">851203s1979    ir       b    001 0 ara d</controlfield>
   <datafield tag="024" ind1="7" ind2=" ">
      <subfield code="a">princeton_aco003908</subfield>
      <subfield code="2">local</subfield>
   </datafield>
   <datafield ind1=" " ind2=" " tag="040">
      <subfield code="a">NjP</subfield>
      <subfield code="c">PUL</subfield>
      <subfield code="d">PUL</subfield>
   </datafield>
   <datafield ind1=" " ind2=" " tag="066">
      <subfield code="c">(3</subfield>
      <subfield code="c">(4</subfield>
   </datafield>
   <datafield ind1=" " ind2=" " tag="035">
      <subfield code="a">(CStRLIN)NJPG85-B33980</subfield>
   </datafield>
   <datafield ind1=" " ind2=" " tag="035">
      <subfield code="9">ABK9002TS</subfield>
   </datafield>
   <datafield ind1=" " ind2=" " tag="035">
      <subfield code="a">(NjP)283793</subfield>
   </datafield>
   <datafield ind1="0" ind2=" " tag="041">
      <subfield code="a">araper</subfield>
   </datafield>
   <datafield ind1=" " ind2=" " tag="049">
      <subfield code="a">PULL</subfield>
   </datafield>
   <datafield ind1=" " ind2=" " tag="035">
      <subfield code="a">(OCoLC)ocm17382107</subfield>
   </datafield>
   <datafield ind1="1" ind2=" " tag="100">
      <subfield code="6">880-01</subfield>
      <subfield code="a">Aharī, ʻAbd al-Qādir ibn Ḥamzah ibn Yāqūt,</subfield>
      <subfield code="d">-1259.</subfield>
   </datafield>
   <datafield ind1="0" ind2="3" tag="245">
      <subfield code="6">880-02</subfield>
      <subfield code="a">al-Aqṭāb al-quṭbīyah, aw, al-Bulghah fī al-ḥikmah /</subfield>
      <subfield code="c">ʻAbd al-Qādir ibn Ḥamzah ibn Yāqūt al-Aharī ; bā muqaddamah va taṣḥīḥ-i Muḥammad Taqī Dānishʹpazhūh.</subfield>
   </datafield>
   <datafield ind1=" " ind2=" " tag="260">
      <subfield code="6">880-03</subfield>
      <subfield code="a">Tihrān :</subfield>
      <subfield code="b">Anjuman-i Falsafah-ʼi Īrān,</subfield>
      <subfield code="c">1358 [1979]</subfield>
   </datafield>
   <datafield ind1=" " ind2=" " tag="300">
      <subfield code="a">5, 19, 272 p. ;</subfield>
      <subfield code="c">24 cm.</subfield>
   </datafield>
   <datafield ind1=" " ind2="0" tag="440">
      <subfield code="6">880-04</subfield>
      <subfield code="a">Intishārāt-i Anjuman-i Falsafah-ʼi Īrān ;</subfield>
      <subfield code="v">shumārah-i 45</subfield>
   </datafield>
   <datafield ind1=" " ind2=" " tag="500">
      <subfield code="a">Text in Arabic; introd. in Persian.</subfield>
   </datafield>
   <datafield ind1=" " ind2="0" tag="650">
      <subfield code="a">Sufism</subfield>
      <subfield code="x">Early works to 1800.</subfield>
      <subfield code="0">http://id.loc.gov/authorities/subjects/sh2008112367</subfield>
   </datafield>
   <datafield ind1="1" ind2=" " tag="700">
      <subfield code="6">880-05</subfield>
      <subfield code="a">Dānishʹpazhūh, Muḥammad Taqī.</subfield>
   </datafield>
   <datafield ind1="0" ind2=" " tag="740">
      <subfield code="6">880-06</subfield>
      <subfield code="a">Aqṭāb al-quṭbīyah.</subfield>
   </datafield>
   <datafield ind1="0" ind2=" " tag="740">
      <subfield code="6">880-07</subfield>
      <subfield code="a">Bulghah fī al-ḥikmah.</subfield>
   </datafield>
   <datafield ind1="1" ind2=" " tag="880">
      <subfield code="6">100-01/(3/r</subfield>
      <subfield code="a">اهري، عبد القادر بن حمزة بن ياقوت،</subfield>
      <subfield code="d">-1259.</subfield>
   </datafield>
   <datafield ind1="0" ind2="2" tag="880">
      <subfield code="6">245-02/(3/r</subfield>
      <subfield code="a">الاقطاب القطبية، او، البلغه فى الحکمه /</subfield>
      <subfield code="c">عبد القادر بن حمزه بن ىاقوت الاهرى ؛ با مقدمه و تصحىح محمد تقى دانشپچوه.</subfield>
   </datafield>
   <datafield ind1=" " ind2=" " tag="880">
      <subfield code="6">260-00/(3/r</subfield>
      <subfield code="a">تهران :</subfield>
      <subfield code="b">انجمنا فلسفهئ ايران،</subfield>
      <subfield code="c">1358 [1979]</subfield>
   </datafield>
   <datafield ind1=" " ind2=" " tag="880">
      <subfield code="6">260-03/(3/r</subfield>
      <subfield code="a">تهران :</subfield>
      <subfield code="b">انجمن فلسفۀ ايران،</subfield>
      <subfield code="c">1358 [1979]</subfield>
   </datafield>
   <datafield ind1=" " ind2="0" tag="880">
      <subfield code="6">440-04/(3/r</subfield>
      <subfield code="a">انتشارات انجمن فلسفۀ ايران ؛</subfield>
      <subfield code="v">شماره 45</subfield>
   </datafield>
   <datafield ind1="1" ind2=" " tag="880">
      <subfield code="6">700-05/(3/r</subfield>
      <subfield code="a">دانشپچوه، محمد تقي.</subfield>
   </datafield>
   <datafield ind1="0" ind2=" " tag="880">
      <subfield code="6">740-06/(3/r</subfield>
      <subfield code="a">اقطاب القطبية.</subfield>
   </datafield>
   <datafield ind1="0" ind2=" " tag="880">
      <subfield code="6">740-07/(3/r</subfield>
      <subfield code="a">بلغة في الحكمة.</subfield>
   </datafield>
   <datafield ind1=" " ind2=" " tag="998">
      <subfield code="a">12/03/85</subfield>
      <subfield code="s">9114</subfield>
      <subfield code="n">NjP</subfield>
      <subfield code="w">NJPG85B33980</subfield>
      <subfield code="d">12/03/85</subfield>
      <subfield code="c">KE</subfield>
      <subfield code="b">KE</subfield>
      <subfield code="i">851203</subfield>
      <subfield code="l">NJPG</subfield>
   </datafield>
   <datafield ind1=" " ind2=" " tag="911">
      <subfield code="a">19921028</subfield>
   </datafield>
   <datafield ind1=" " ind2=" " tag="912">
      <subfield code="a">19900822000000.0</subfield>
   </datafield>
   <datafield ind1=" " ind2=" " tag="994">
      <subfield code="a">C0</subfield>
      <subfield code="b">PUL</subfield>
   </datafield>
   <datafield ind1=" " ind2=" " tag="999">
      <subfield code="a">283793</subfield>
   </datafield>
   <datafield ind1=" " ind2=" " tag="979">
      <subfield code="a">(OCoLC)ocn175424812</subfield>
   </datafield>
   <datafield ind1="0" ind2="0" tag="852">
      <subfield code="0">310499</subfield>
      <subfield code="b">rcppa</subfield>
      <subfield code="t">1</subfield>
      <subfield code="h">BP188.9</subfield>
      <subfield code="i">.A38</subfield>
      <subfield code="x">tr fr nec</subfield>
   </datafield>
   <datafield ind1=" " ind2=" " tag="959">
      <subfield code="a">2000-06-13 00:00:00 -0400</subfield>
   </datafield>
</record>
